@ARTICLE{paper1,
  author={Xia, Wenfeng and Wen, Yonggang and Foh, Chuan Heng and Niyato, Dusit and Xie, Haiyong},
  journal={IEEE Communications Surveys & Tutorials}, 
  title={A Survey on Software-Defined Networking}, 
  year={2015},
  volume={17},
  number={1},
  pages={27-51},
  keywords={Optical switches;Routing;Software;Computer architecture;Complexity theory;Software-defined networking;SDN;network virtualization;OpenFlow},
  doi={10.1109/COMST.2014.2330903}}

@INPROCEEDINGS{paper2,
  author={Khedkar, Shilpa P and AroulCanessane, R.},
  booktitle={2019 5th International Conference On Computing, Communication, Control And Automation (ICCUBEA)}, 
  title={SDN enabled cloud, IoT and DCNs: A comprehensive Survey}, 
  year={2019},
  volume={},
  number={},
  pages={1-5},
  keywords={SDN;Cloud;IoT;DCN;Data centers},
  doi={10.1109/ICCUBEA47591.2019.9129091}}

@ARTICLE{paper3,
  author={Singh, Sanjeev and Jha, Rakesh Kumar},
  title={A Survey on Software Defined Networking: Architecture for Next Generation Network}, 
  year={2017},
  volume={25},
  number={1},
  pages={321-374},
  doi={10.1007/s10922-016-9393-9}}

@article{fundation2012software,
  title={Software-defined networking: The new norm for networks},
  author={Fundation, Open Networking},
  journal={ONF white paper},
  volume={2},
  number={2-6},
  pages={11},
  year={2012}
}